<record><leader>00000cas a2200000 a 4500</leader><controlfield tag="001">639240548</controlfield><controlfield tag="007">hd afu---baca</controlfield><controlfield tag="008">100608d188u19uuiluwr nea     0    0eng c</controlfield><datafield ind1=" " ind2=" " tag="010"><subfield code="a">  2010262074</subfield></datafield><datafield ind1=" " ind2=" " tag="040"><subfield code="a">CGU</subfield><subfield code="b">eng</subfield><subfield code="c">CGU</subfield><subfield code="d">CGU</subfield><subfield code="d">OCLCQ</subfield><subfield code="d">OCLCF</subfield></datafield><datafield ind1=" " ind2=" " tag="042"><subfield code="a">pcc</subfield></datafield><datafield ind1=" " ind2=" " tag="043"><subfield code="a">n-us-il</subfield></datafield><datafield ind1="0" ind2="4" tag="245"><subfield code="a">The Twin-City news-herald</subfield><subfield code="h">[microform].</subfield></datafield><datafield ind1=" " ind2=" " tag="260"><subfield code="a">Peru, La Salle County, Ill. :</subfield><subfield code="b">[s.n.]</subfield></datafield><datafield ind1=" " ind2=" " tag="300"><subfield code="a">v.</subfield></datafield><datafield ind1=" " ind2=" " tag="310"><subfield code="a">Weekly</subfield></datafield><datafield ind1=" " ind2=" " tag="588"><subfield code="a">Description based on: Vol. 26, no. 15 (June 25, 1884).</subfield></datafield><datafield ind1=" " ind2=" " tag="533"><subfield code="a">Microfilm.</subfield><subfield code="b">Springfield, Ill. :</subfield><subfield code="c">Illinois State Historical Library,</subfield><subfield code="d">1991.</subfield><subfield code="e">1 microfilm reel ; 35 mm.</subfield></datafield><datafield ind1=" " ind2="0" tag="651"><subfield code="a">Peru (Ill.)</subfield><subfield code="v">Newspapers.</subfield></datafield><datafield ind1=" " ind2="7" tag="655"><subfield code="a">Newspapers.</subfield><subfield code="2">fast</subfield><subfield code="0">(OCoLC)fst01423814</subfield></datafield><datafield ind1=" " ind2="7" tag="651"><subfield code="a">Illinois</subfield><subfield code="z">Peru.</subfield><subfield code="2">fast</subfield><subfield code="0">(OCoLC)fst01219161</subfield></datafield><datafield ind1=" " ind2=" " tag="752"><subfield code="a">United States</subfield><subfield code="b">Illinois</subfield><subfield code="c">La Salle</subfield><subfield code="d">Peru.</subfield></datafield><datafield ind1="0" ind2=" " tag="775"><subfield code="t">Daily news-herald (Peru, Ill.)</subfield></datafield><datafield ind1="0" ind2="8" tag="776"><subfield code="i">Print version:</subfield><subfield code="t">Twin-City news-herald</subfield><subfield code="w">(DLC)sn 92053206</subfield><subfield code="w">(OCoLC)25610434</subfield></datafield><datafield ind1="0" ind2="0" tag="780"><subfield code="t">Peru weekly herald</subfield><subfield code="w">(DLC)  2010262071</subfield><subfield code="w">(OCoLC)639015108</subfield></datafield></record>